@article{cheng2009controllability,
title={Controllability and observability of Boolean control networks},
author={Cheng, Daizhan and Qi, Hongsheng},
journal={Automatica},
volume={45},
number={7},
pages={1659--1667},
year={2009}}
    
@article{daizhan2001semi-tensor,
title={Semi-tensor product of matrices and its application to Morgen's problem},
author={Daizhan, Cheng},
journal={Science in China Series F: Information Sciences},
volume={44},
number={3},
pages={195--212},
year={2001}}

@article{Akutsu2007Control,
  title={Control of Boolean networks: hardness results and algorithms for tree structured networks},
  author={Akutsu, T and Hayashida, M and Ching, W. K. and Ng, M. K.},
  journal={Journal of Theoretical Biology},
  volume={244},
  number={4},
  pages={670},
  year={2007}}

@article{Kauffman1968Metabolic,
  title={Metabolic stability and epigenesis in randomly constructed genetic nets [J]},
  author={Kauffman, S. A.},
  journal={Journal of Theoretical Biology},
  volume={22},
  number={3},
  pages={437-467},
  year={1968}}

@article{Ideker2001A,
  title={A new approach to decoding life: systems biology},
  author={Ideker, T and Galitski, T and Hood, L},
  journal={Annu Rev Genomics Hum Genet},
  volume={2},
  number={1},
  pages={343-372},
  year={2001}}

@article{Zhao2010Input,
  title={Input-state incidence matrix of Boolean control networks and its applications},
  author={Zhao, Yin and Qi, Hongsheng and Cheng, Daizhan},
  journal={Systems \& Control Letters},
  volume={59},
  number={12},
  pages={767-774},
  year={2010}}

@article{Cheng2011Identification,
  title={Identification of Boolean Control Networks},
  author={Cheng, Daizhan and Qi, Hongsheng and Li, Zhiqiang},
  journal={Automatica},
  volume={47},
  number={4},
  pages={702-710},
  year={2011}}

@book{Cheng2011Analysis,
  title={Analysis and Control of Boolean Networks},
  author={Cheng, Daizhan and Qi, Hongsheng and Li, Zhiqiang},
  publisher={Springer London},
  year={2011}
}

@article{Fornasini2013Observability,
  title={Observability, Reconstructibility and State Observers of Boolean Control Networks},
  author={Fornasini, Ettore and Valcher, Maria Elena},
  journal={IEEE Transactions on Automatic Control},
  volume={58},
  number={6},
  pages={1390-1401},
  year={2013}
}

@article{Li2015Controllability,
  title={Controllability and observability of Boolean networks arising from biology.},
  author={Li, R. and Yang, M. and Chu, T.},
  journal={Chaos An Interdisciplinary Journal of Nonlinear Science},
  volume={25},
  number={2},
  pages={1778-1792},
  year={2015}
}

@article{Zhang2016Observability,
  title={Observability of Boolean Control Networks: A Unified Approach Based on Finite Automata},
  author={Zhang, Kuize and Zhang, Lijun},
  journal={IEEE Transactions on Automatic Control},
  volume={61},
  number={9},
  pages={2733-2738},
  year={2016}
}

@article{Akutsu2000Inferring,
  title={Inferring qualitative relations in genetic networks and metabolic pathways.},
  author={Akutsu, T and Miyano, S and Kuhara, S},
  journal={Bioinformatics},
  volume={16},
  number={8},
  pages={727-734},
  year={2000}
}

@article{Albert2000Dynamics,
  title={Dynamics of complex systems: scaling laws for the period of boolean networks},
  author={Albert, R. and Barabasi, A. L.},
  journal={Physical Review Letters},
  volume={84},
  number={24},
  pages={5660},
  year={2000}
}

@article{Kitano2002Systems,
  title={Systems biology: a brief overview.},
  author={Kitano, H},
  journal={Science},
  volume={295},
  number={5560},
  pages={1662-1664},
  year={2002}
}

@article{Li2014Controllability,
  title={Controllability of Boolean control networks avoiding states set},
  author={Li, Zhi Qiang and Song, Jin Li},
  journal={Science China(Information Sciences)},
  volume={57},
  number={3},
  pages={1-13},
  year={2014}
}


@inproceedings{Green2007The,
  title={The Emergence of Social Consensus in Boolean Networks},
  author={Green, David G. and Leishman, Tania G. and Sadedin, Suzanne},
  booktitle={Artificial Life, 2007. ALIFE '07. IEEE Symposium on},
  pages={402-408},
  year={2007}
}

@inproceedings{Lou2010Multi,
  title={Multi-agent decision in Boolean networks with private information and switching interconnection},
  author={Lou, Youcheng and Hong, Yiguang},
  booktitle={Chinese Control Conference},
  pages={4530-4535},
  year={2010}
}

@article{Shmulevich2002From,
  title={From Boolean to probabilistic Boolean networks as models of genetic regulatory networks},
  author={Shmulevich, Ilya and Dougherty, Edward R and Zhang, Wei},
  journal={Proceedings of the IEEE},
  volume={90},
  number={11},
  pages={1778-1792},
  year={2002}	
}

@article{Faur2006Dynamical,
  title={Dynamical analysis of a generic Boolean model for the control of the mammalian cell cycle},
  author={Fauré, Adrien and Naldi, Aurélien and Chaouiya, Claudine and Thieffry, Denis},
  journal={Bioinformatics},
  volume={22},
  number={14},
  pages={e124-e131},
  year={2006}
}

@book{Waldrop1992Complexity,
  title={Complexity : the emerging science at the edge of order and chaos},
  author={Waldrop and Mitchell, M.},
  publisher={Simon \& Schuster},
  pages={83-83},
  year={1992}
}

@article{Cheng2003Semi,
  title={Semi-tensor product of matrices and its applications - A survey},
  author={Cheng, D.},
  journal={Methods \& Applications of Analysis},
  volume={321},
  number={2},
  pages={61-79},
  year={2003},
}

@inproceedings{Vidal2003Observability,
  title={Observability of Linear Hybrid Systems.},
  author={Vidal, Ren and Chiuso, Alessandro and Soatto, Stefano and Sastry, Shankar},
  booktitle={Hybrid Systems: Computation & Control, Lncs},
  pages={526-539},
  year={2003},
}

@article{Klamt2006A,
  title={A methodology for the structural and functional analysis of signaling and regulatory networks.},
  author={Klamt, S and Saez-Rodriguez, J and Lindquist, J. A. and Simeoni, L and Gilles, E. D.},
  journal={Bmc Bioinformatics},
  volume={7},
  number={1},
  pages={56},
  year={2006},
}
@article{Kaufman1999A,
  title={A logical analysis of T cell activation and anergy},
  author={Kaufman, M. ,. and Andris, F. ,. and Leo, O. ,.},
  journal={Proceedings of the National Academy of Sciences of the United States of America},
  volume={96},
  number={7},
  pages={3894-3899},
  year={1999},
}

@article{Biane2017Abduction,
  title={Abduction Based Drug Target Discovery Using Boolean Control Network},
  author={Biane, Célia and Delaplace, Franck},
  pages={57-73},
  year={2017},
}
@inproceedings{Thunberg2011A,
  title={A boolean control network approach to pursuit evasion problems in polygonal environments},
  author={Thunberg, J. and Ogren, P. and Hu, Xiaoming},
  booktitle={IEEE International Conference on Robotics and Automation},
  pages={4506-4511},
  year={2011},
}
@article{Zhang2017Observability,
  title={Observability of large-scale Boolean control networks via network aggregations},
  author={Zhang, Kuize},
  year={2017},
}